@Article{	  gw150914_pe,
  author	= {Abbott, B. P. and others},
  title		= {{Properties of the Binary Black Hole Merger GW150914}},
  journal	= {Phys.\ Rev.\ Lett.},
  year		= {2016},
  volume	= {116},
  number	= {24},
  pages		= {241102},
  month		= {jun},
  issn		= {0031-9007},
  archiveprefix	= {arXiv},
  arxivid	= {gr-qc/1602.03840},
  collaboration	= {LIGO Scientific Collaboration, Virgo Collaboration},
  doi		= {10.1103/PhysRevLett.116.241102},
  eprint	= {1602.03840},
  primaryclass	= {gr-qc},
  reportnumber	= {LIGO-P1500218},
  url		= {http://link.aps.org/doi/10.1103/PhysRevLett.116.241102}
}

@article{Evans:2016mbw,
      author         = "Abbott, B. P. and others",
      title          = "{Exploring the Sensitivity of Next Generation
                        Gravitational Wave Detectors}",
      collaboration  = "LIGO Scientific Collaboration",
      journal        = "Class. Quant. Grav.",
      volume         = "34",
      year           = "2017",
      number         = "4",
      pages          = "044001",
      doi            = "10.1088/1361-6382/aa51f4",
      eprint         = "1607.08697",
      archivePrefix  = "arXiv",
      primaryClass   = "astro-ph.IM",
      reportNumber   = "LIGO-P1600143",
      SLACcitation   = "%%CITATION = ARXIV:1607.08697;%%"
}

@TechReport{iswp2016,
  author	= "Abbott, B. P. and others",
  collaboration = "LIGO Scientific Collaboration",
  title		= "Instrument Science White Paper",
  institution	= {LIGO Laboratory},
  year		= {2016},
  number	= {LIGO-T1600119},
  url		= {https://dcc.ligo.org/LIGO-T1600119/public}
}

@TechReport{et-design,
  author	= "Einstein Telescope Science Team",
  title		= "Einstein gravitational wave Telescope conceptual
design study",
  institution	= {European Gravitational Observatory},
  year		= {2011},
  number	= {ET-0106C-10},
  url		= {http://www.et-gw.eu/}
}

@article{Sathyaprakash:2012jk,
      author         = "Sathyaprakash, B. and others",
      title          = "{Scientific Objectives of Einstein Telescope}",
      booktitle      = "{Gravitational waves. Numerical relativity - data
                        analysis. Proceedings, 9th Edoardo Amaldi Conference,
                        Amaldi 9, and meeting, NRDA 2011, Cardiff, UK, July 10-15,
                        2011}",
      journal        = "Class. Quant. Grav.",
      volume         = "29",
      year           = "2012",
      pages          = "124013",
      doi            = "10.1088/0264-9381/29/12/124013,
                        10.1088/0264-9381/30/7/079501",
      note           = "[Erratum: Class. Quant. Grav.30,079501(2013)]",
      eprint         = "1206.0331",
      archivePrefix  = "arXiv",
      primaryClass   = "gr-qc",
      SLACcitation   = "%%CITATION = ARXIV:1206.0331;%%"
}



@article{aLIGO,
  author =        {Aasi, J. and others},
  journal =       {Class. Quant. Grav.},
  pages =         {074001},
  title =         {{Advanced LIGO}},
  volume =        {32},
  year =          {2015},
  doi =           {10.1088/0264-9381/32/7/074001},
}

@article{Virgo,
  author =        {Acernese, F. and others},
  journal =       {Class. Quant. Grav.},
  number =        {2},
  pages =         {024001},
  title =         {{Advanced Virgo: a second-generation interferometric
                   gravitational wave detector}},
  volume =        {32},
  year =          {2015},
  doi =           {10.1088/0264-9381/32/2/024001},
}

@article{gw150914,
  author =        {Abbott, B. P. and others},
  collaboration = {LIGO Scientific Collaboration, Virgo Collaboration},
  journal =       {Phys. Rev. Lett.},
  month =         {feb},
  number =        {6},
  pages =         {061102},
  title =         {{Observation of Gravitational Waves from a Binary
                   Black Hole Merger}},
  volume =        {116},
  year =          {2016},
  doi =           {10.1103/PhysRevLett.116.061102},
  issn =          {0031-9007},
  url =           {http://link.aps.org/doi/10.1103/PhysRevLett.116.061102},
}

@article{gw151226,
  author =        {Abbott, B. P. and others},
  collaboration = {LIGO Scientific Collaboration, Virgo Collaboration},
  journal =       {Phys. Rev. Lett.},
  month =         {jun},
  number =        {24},
  pages =         {241103},
  title =         {{GW151226: Observation of Gravitational Waves from a
                   22-Solar-Mass Binary Black Hole Coalescence}},
  volume =        {116},
  year =          {2016},
  doi =           {10.1103/PhysRevLett.116.241103},
  issn =          {0031-9007},
  url =           {http://link.aps.org/doi/10.1103/PhysRevLett.116.241103},
}

@article{o1bbh,
  author =        {Abbott, B. P. and others},
  collaboration = {LIGO Scientific Collaboration, Virgo Collaboration},
  journal =       {Phys. Rev. X},
  month =         {oct},
  number =        {4},
  pages =         {041015},
  title =         {{Binary Black Hole Mergers in the First Advanced LIGO
                   Observing Run}},
  volume =        {6},
  year =          {2016},
  doi =           {10.1103/PhysRevX.6.041015},
  issn =          {2160-3308},
  url =           {http://arxiv.org/abs/1606.04856 https://dcc.ligo.org/LIGO-
                  P1600088/public https://link.aps.org/doi/10.1103/
                  PhysRevX.6.041015},
}

@article{gw170104,
  author =        {Abbott, B. P. and others},
  collaboration = {LIGO Scientific Collaboration, Virgo Collaboration},
  journal =       {Phys. Rev. Lett.},
  month =         {jun},
  number =        {22},
  pages =         {221101},
  title =         {{GW170104: Observation of a 50-Solar-Mass Binary
                   Black Hole Coalescence at Redshift 0.2}},
  volume =        {118},
  year =          {2017},
  doi =           {10.1103/PhysRevLett.118.221101},
  issn =          {0031-9007},
  url =           {https://journals.aps.org/prl/abstract/10.1103/
                  PhysRevLett.118.221101 https://dcc.ligo.org/LIGO-P170104/
                  public https://arxiv.org/abs/1706.01812},
}

@article{gw170608,
  author =        {Abbott, B. P. and others},
  collaboration = {LIGO Scientific Collaboration, Virgo Collaboration},
  journal =       {Astrophys. J.},
  month =         {dec},
  number =        {2},
  pages =         {L35},
  title =         {{GW170608: Observation of a 19 Solar-mass Binary
                   Black Hole Coalescence}},
  volume =        {851},
  year =          {2017},
  doi =           {10.3847/2041-8213/aa9f0c},
  issn =          {2041-8213},
  url =           {http://arxiv.org/abs/1711.05578 http://dx.doi.org/10.3847/
                  2041-8213/aa9f0c http://arxiv.org/abs/1711.05578{\%}0Ahttp://
                  dx.doi.org/10.3847/2041-8213/aa9f0c http://stacks.iop.org/
                  2041-8205/851/i=2/a=L35?
                  key=crossref.043c5dcb68e26dc53ddcde3987a1250b},
}

@article{gw170814,
  author =        {Abbott, B. P. and others},
  collaboration = {LIGO Scientific Collaboration, Virgo Collaboration},
  journal =       {Phys. Rev. Lett.},
  month =         {oct},
  number =        {14},
  pages =         {141101},
  title =         {{GW170814: A Three-Detector Observation of
                   Gravitational Waves from a Binary Black Hole
                   Coalescence}},
  volume =        {119},
  year =          {2017},
  doi =           {10.1103/PhysRevLett.119.141101},
  isbn =          {1079-7114 (Electronic) 0031-9007 (Linking)},
  issn =          {0031-9007},
  url =           {https://link.aps.org/doi/10.1103/
                  PhysRevLett.119.141101 http://arxiv.org/abs/1709.09660 http:/
                  /dx.doi.org/10.1103/PhysRevLett.119.141101},
}

@article{gw170817,
  author =        {Abbott, B. P. and others},
  journal =       {Phys. Rev. Lett.},
  number =        {16},
  pages =         {161101},
  title =         {{GW170817: Observation of Gravitational Waves from a
                   Binary Neutron Star Inspiral}},
  volume =        {119},
  year =          {2017},
  doi =           {10.1103/PhysRevLett.119.161101},
}

@article{gw150914_tgr,
  author =        {Abbott, B. P. and others},
  collaboration = {LIGO Scientific Collaboration, Virgo Collaboration},
  journal =       {Phys. Rev. Lett.},
  month =         {may},
  number =        {22},
  pages =         {221101},
  title =         {{Tests of General Relativity with GW150914}},
  volume =        {116},
  year =          {2016},
  doi =           {10.1103/PhysRevLett.116.221101},
  issn =          {0031-9007},
  url =           {http://link.aps.org/doi/10.1103/
                  PhysRevLett.116.221101 https://arxiv.org/abs/1602.03841},
}

@article{Yunes:2016jcc,
  author =        {Yunes, Nicolas and Yagi, Kent and Pretorius, Frans},
  journal =       {Phys. Rev.},
  number =        {8},
  pages =         {084002},
  title =         {{Theoretical Physics Implications of the Binary
                   Black-Hole Mergers GW150914 and GW151226}},
  volume =        {D94},
  year =          {2016},
  doi =           {10.1103/PhysRevD.94.084002},
}

@unpublished{	  gw170817_eos,
  author	= {Abbott, B. P. and others},
  title		= {{GW170817: Measurements of neutron star radii and equation
		  of state}},
  year		= {2018},
  archiveprefix	= {arXiv},
  collaboration	= {LIGO Scientific Collaboration, Virgo Collaboration},
  eprint	= {1805.11581},
  primaryclass	= {gr-qc},
  reportnumber	= {LIGO-P1800115},
  slaccitation	= {%%CITATION = ARXIV:1805.11581;%%}
}

@unpublished{	  gw170817_pe,
  author	= {Abbott, B. P. and others},
  title		= {{Properties of the binary neutron star merger GW170817}},
  year		= {2018},
  archiveprefix	= {arXiv},
  collaboration	= {LIGO Scientific Collaboration, Virgo Collaboration},
  eprint	= {1805.11579},
  primaryclass	= {gr-qc},
  slaccitation	= {%%CITATION = ARXIV:1805.11579;%%}
}

@article{Gossan:2011ha,
      author         = "Gossan, S. and Veitch, J. and Sathyaprakash, B. S.",
      title          = "{Bayesian model selection for testing the no-hair theorem
                        with black hole ringdowns}",
      journal        = "Phys. Rev.",
      volume         = "D85",
      year           = "2012",
      pages          = "124056",
      doi            = "10.1103/PhysRevD.85.124056",
      eprint         = "1111.5819",
      archivePrefix  = "arXiv",
      primaryClass   = "gr-qc",
      SLACcitation   = "%%CITATION = ARXIV:1111.5819;%%"
}

@article{Cabero:2017avf,
      author         = "Cabero, Miriam and Capano, Collin D. and
                        Fischer-Birnholtz, Ofek and Krishnan, Badri and Nielsen,
                        Alex B. and Nitz, Alexander H. and Biwer, Christopher M.",
      title          = "{Observational tests of the black hole area increase
                        law}",
      journal        = "Phys. Rev.",
      volume         = "D97",
      year           = "2018",
      number         = "12",
      pages          = "124069",
      doi            = "10.1103/PhysRevD.97.124069",
      eprint         = "1711.09073",
      archivePrefix  = "arXiv",
      primaryClass   = "gr-qc",
      SLACcitation   = "%%CITATION = ARXIV:1711.09073;%%"
}

@article{Brito:2018rfr,
      author         = "Brito, Richard and Buonanno, Alessandra and Raymond,
                        Vivien",
      title          = "{Black-hole Spectroscopy by Making Full Use of
                        Gravitational-Wave Modeling}",
      journal        = "Phys. Rev.",
      volume         = "D98",
      year           = "2018",
      number         = "8",
      pages          = "084038",
      doi            = "10.1103/PhysRevD.98.084038",
      eprint         = "1805.00293",
      archivePrefix  = "arXiv",
      primaryClass   = "gr-qc",
      SLACcitation   = "%%CITATION = ARXIV:1805.00293;%%"
}


@article{Meidam:2014jpa,
      author         = "Meidam, J. and Agathos, M. and Van Den Broeck, C. and
                        Veitch, J. and Sathyaprakash, B. S.",
      title          = "{Testing the no-hair theorem with black hole ringdowns
                        using TIGER}",
      journal        = "Phys. Rev.",
      volume         = "D90",
      year           = "2014",
      number         = "6",
      pages          = "064009",
      doi            = "10.1103/PhysRevD.90.064009",
      eprint         = "1406.3201",
      archivePrefix  = "arXiv",
      primaryClass   = "gr-qc",
      SLACcitation   = "%%CITATION = ARXIV:1406.3201;%%"
}

@article{Baibhav:2018rfk,
      author         = "Baibhav, Vishal and Berti, Emanuele",
      title          = "{Multimode black hole spectroscopy}",
      journal        = "Phys. Rev.",
      volume         = "D99",
      year           = "2019",
      number         = "2",
      pages          = "024005",
      doi            = "10.1103/PhysRevD.99.024005",
      eprint         = "1809.03500",
      archivePrefix  = "arXiv",
      primaryClass   = "gr-qc",
      SLACcitation   = "%%CITATION = ARXIV:1809.03500;%%"
}

@article{Berti:2016lat,
      author         = "Berti, Emanuele and Sesana, Alberto and Barausse, Enrico
                        and Cardoso, Vitor and Belczynski, Krzysztof",
      title          = "{Spectroscopy of Kerr black holes with Earth- and
                        space-based interferometers}",
      journal        = "Phys. Rev. Lett.",
      volume         = "117",
      year           = "2016",
      number         = "10",
      pages          = "101102",
      doi            = "10.1103/PhysRevLett.117.101102",
      eprint         = "1605.09286",
      archivePrefix  = "arXiv",
      primaryClass   = "gr-qc",
      SLACcitation   = "%%CITATION = ARXIV:1605.09286;%%"
}

@article{Berti:2015itd,
      author         = "Berti, Emanuele and others",
      title          = "{Testing General Relativity with Present and Future
                        Astrophysical Observations}",
      journal        = "Class. Quant. Grav.",
      volume         = "32",
      year           = "2015",
      pages          = "243001",
      doi            = "10.1088/0264-9381/32/24/243001",
      eprint         = "1501.07274",
      archivePrefix  = "arXiv",
      primaryClass   = "gr-qc",
      SLACcitation   = "%%CITATION = ARXIV:1501.07274;%%"
}

@article{Buonanno:2006ui,
      author         = "Buonanno, Alessandra and Cook, Gregory B. and Pretorius,
                        Frans",
      title          = "{Inspiral, merger and ring-down of equal-mass black-hole
                        binaries}",
      journal        = "Phys. Rev.",
      volume         = "D75",
      year           = "2007",
      pages          = "124018",
      doi            = "10.1103/PhysRevD.75.124018",
      eprint         = "gr-qc/0610122",
      archivePrefix  = "arXiv",
      primaryClass   = "gr-qc",
      SLACcitation   = "%%CITATION = GR-QC/0610122;%%"
}

@TechReport{bayesian_qnm,
  author =        {Prix, Reinhard},
  title =         {{Bayesian QNM search on GW150914}},
  institution	=   {LIGO Scientific Collaboration},
  year		= {2016},
  number	= {LIGO-T1500618},
  url		= {https://dcc.ligo.org/LIGO-T1500618/public}
}

@TechReport{aLIGO_design_sensi,
  author =        {David H. Shoemaker and others},
  title =         {{Advanced LIGO anticipated sensitivity curves}},
  institution	=   {LIGO Laboratory},
  year		= {2009},
  number	= {LIGO-T0900288},
  url		= {https://dcc.ligo.org/LIGO-T0900288/public}
}

@article{Jaynes1968,
author = {Jaynes, Edwin},
doi = {10.1109/TSSC.1968.300117},
isbn = {0536-1567},
issn = {0536-1567},
journal = {IEEE Trans. Syst. Sci. Cybern.},
number = {3},
pages = {227--241},
title = {{Prior Probabilities}},
volume = {4},
year = {1968}
}

@article{Ghosh:2016qgn,
      author         = "Ghosh, Abhirup and others",
      title          = "{Testing general relativity using golden black-hole
                        binaries}",
      journal        = "Phys. Rev. D",
      volume         = "94",
      year           = "2016",
      number         = "2",
      pages          = "021101(R)",
      doi            = "10.1103/PhysRevD.94.021101",
      eprint         = "1602.02453",
      archivePrefix  = "arXiv",
      primaryClass   = "gr-qc",
      reportNumber   = "LIGO-P1500185-V10, ICTS-2016-1",
      SLACcitation   = "%%CITATION = ARXIV:1602.02453;%%"
}

@article{Ghosh:2017gfp,
      author         = "Ghosh, Abhirup and Johnson-McDaniel, Nathan K. and Ghosh,
                        Archisman and Mishra, Chandra Kant and Ajith, Parameswaran
                        and Del Pozzo, Walter and Berry, Christopher P. L. and
                        Nielsen, Alex B. and London, Lionel",
      title          = "{Testing general relativity using gravitational wave
                        signals from the inspiral, merger and ringdown of binary
                        black holes}",
      journal        = "Classical Quantum Gravity",
      volume         = "35",
      year           = "2018",
      number         = "1",
      pages          = "014002",
      doi            = "10.1088/1361-6382/aa972e",
      eprint         = "1704.06784",
      archivePrefix  = "arXiv",
      primaryClass   = "gr-qc",
      reportNumber   = "LIGO-P1700006, ICTS-2017-3",
      SLACcitation   = "%%CITATION = ARXIV:1704.06784;%%"
}

@article{Dreyer:2003bv,
      author         = "Dreyer, Olaf and Kelly, Bernard J. and Krishnan, Badri
                        and Finn, Lee Samuel and Garrison, David and Lopez-Aleman,
                        Ramon",
      title          = "{Black hole spectroscopy: Testing general relativity
                        through gravitational wave observations}",
      journal        = "Class. Quant. Grav.",
      volume         = "21",
      year           = "2004",
      pages          = "787-804",
      doi            = "10.1088/0264-9381/21/4/003",
      eprint         = "gr-qc/0309007",
      archivePrefix  = "arXiv",
      primaryClass   = "gr-qc",
      SLACcitation   = "%%CITATION = GR-QC/0309007;%%"
}

@article{Berti:2005ys,
      author         = "Berti, Emanuele and Cardoso, Vitor and Will, Clifford M.",
      title          = "{On gravitational-wave spectroscopy of massive black
                        holes with the space interferometer LISA}",
      journal        = "Phys. Rev.",
      volume         = "D73",
      year           = "2006",
      pages          = "064030",
      doi            = "10.1103/PhysRevD.73.064030",
      eprint         = "gr-qc/0512160",
      archivePrefix  = "arXiv",
      primaryClass   = "gr-qc",
      SLACcitation   = "%%CITATION = GR-QC/0512160;%%"
}

@article{Carullo:2019flw,
      author         = "Carullo, Gregorio and Del Pozzo, Walter and Veitch, John",
      title          = "{Observational Black Hole Spectroscopy: A time-domain
                        multimode analysis of GW150914}",
      journal        = "Phys. Rev.",
      volume         = "D99",
      year           = "2019",
      number         = "12",
      pages          = "123029",
      doi            = "10.1103/PhysRevD.99.123029",
      eprint         = "1902.07527",
      archivePrefix  = "arXiv",
      primaryClass   = "gr-qc",
      SLACcitation   = "%%CITATION = ARXIV:1902.07527;%%"
}

@article{TheLIGOScientific:2016zmo,
      author         = "Abbott, B. P. and others",
      title          = "{Characterization of transient noise in Advanced LIGO
                        relevant to gravitational wave signal GW150914}",
      collaboration  = "LIGO Scientific, Virgo",
      journal        = "Class. Quant. Grav.",
      volume         = "33",
      year           = "2016",
      number         = "13",
      pages          = "134001",
      doi            = "10.1088/0264-9381/33/13/134001",
      eprint         = "1602.03844",
      archivePrefix  = "arXiv",
      primaryClass   = "gr-qc",
      SLACcitation   = "%%CITATION = ARXIV:1602.03844;%%"
}

@article{TheLIGOScientific:2016uux,
      author         = "Abbott, B. P. and others",
      title          = "{Observing gravitational-wave transient GW150914 with
                        minimal assumptions}",
      collaboration  = "LIGO Scientific, Virgo",
      journal        = "Phys. Rev.",
      volume         = "D93",
      year           = "2016",
      number         = "12",
      pages          = "122004",
      doi            = "10.1103/PhysRevD.94.069903, 10.1103/PhysRevD.93.122004",
      note           = "[Addendum: Phys. Rev.D94,no.6,069903(2016)]",
      eprint         = "1602.03843",
      archivePrefix  = "arXiv",
      primaryClass   = "gr-qc",
      SLACcitation   = "%%CITATION = ARXIV:1602.03843;%%"
}

@article{Echeverria:1989hg,
      author         = "Echeverria, F.",
      title          = "{Gravitational Wave Measurements of the Mass and Angular
                        Momentum of a Black Hole}",
      journal        = "Phys. Rev.",
      volume         = "D40",
      year           = "1989",
      pages          = "3194-3203",
      doi            = "10.1103/PhysRevD.40.3194",
      SLACcitation   = "%%CITATION = PHRVA,D40,3194;%%"
}

@article{Vallisneri:2014vxa,
      author         = "Vallisneri, Michele and Kanner, Jonah and Williams, Roy
                        and Weinstein, Alan and Stephens, Branson",
      title          = "{The LIGO Open Science Center}",
      booktitle      = "{Proceedings, 10th International LISA Symposium:
                        Gainesville, Florida, USA, May 18-23, 2014}",
      journal        = "J. Phys. Conf. Ser.",
      volume         = "610",
      year           = "2015",
      number         = "1",
      pages          = "012021",
      doi            = "10.1088/1742-6596/610/1/012021",
      eprint         = "1410.4839",
      archivePrefix  = "arXiv",
      primaryClass   = "gr-qc",
      SLACcitation   = "%%CITATION = ARXIV:1410.4839;%%"
}

@misc{gwosc,
  howpublished = {\url{https://www.gw-openscience.org}},
}

@article{Bhagwat:2016ntk,
      author         = "Bhagwat, Swetha and Brown, Duncan A. and Ballmer, Stefan
                        W.",
      title          = "{Spectroscopic analysis of stellar mass black-hole
                        mergers in our local universe with ground-based
                        gravitational wave detectors}",
      journal        = "Phys. Rev.",
      volume         = "D94",
      year           = "2016",
      number         = "8",
      pages          = "084024",
      doi            = "10.1103/PhysRevD.94.084024, 10.1103/PhysRevD.95.069906",
      note           = "[Erratum: Phys. Rev.D95,no.6,069906(2017)]",
      eprint         = "1607.07845",
      archivePrefix  = "arXiv",
      primaryClass   = "gr-qc",
      SLACcitation   = "%%CITATION = ARXIV:1607.07845;%%"
}

@misc{GWOSC:GWTC,
author ="{LIGO Scientific Collaboration and Virgo Collaboration}",
title ="{GWTC-1}",
year = {2018},
publisher = "Gravitational Wave Open Science Center",
howpublished ="\href{https://doi.org/10.7935/82H3-HH23}{https://doi.org/10.7935/82H3-HH23}"
}

@unpublished{kombine,
   author = {{Farr}, B. and {Farr}, W.~M.},
    title = {kombine: a kernel-density-based, embarrassingly parallel ensemble sampler},
     year = 2015,
     note = "in prep",
    url = {https://github.com/bfarr/kombine}
}

@article{Verdinelli1995,
 ISSN = {01621459},
 URL = {http://www.jstor.org/stable/2291073},
 author = {Isabella Verdinelli and Larry Wasserman},
 journal = {Journal of the American Statistical Association},
 number = {430},
 pages = {614--618},
 publisher = {[American Statistical Association, Taylor \& Francis, Ltd.]},
 title = {Computing Bayes Factors Using a Generalization of the Savage-Dickey Density Ratio},
 volume = {90},
 year = {1995}
}

@article{Abbott:2016wiq,
      author         = "Abbott, Benjamin P. and others",
      title          = "{Effects of waveform model systematics on the
                        interpretation of GW150914}",
      collaboration  = "LIGO Scientific Collaboration, Virgo Collaboration",
      journal        = "Class. Quant. Grav.",
      volume         = "34",
      year           = "2017",
      number         = "10",
      pages          = "104002",
      doi            = "10.1088/1361-6382/aa6854",
      eprint         = "1611.07531",
      archivePrefix  = "arXiv",
      primaryClass   = "gr-qc",
      reportNumber   = "P1500259",
      SLACcitation   = "%%CITATION = ARXIV:1611.07531;%%"
}

